@misc{mirex,
    key = {Music Information Retrieval Evaluation eXchange},
    title = {Music Information Retrieval Evaluation eXchange},
    year = {2016},
    howpublished = {\url{http://www.music-ir.org/mirex/wiki/MIREX_HOME}},
    note = {Accessed: 06/11/2016}
}
@article{midi1996complete,
  title={The complete MIDI 1.0 detailed specification},
  author={MIDI Manufacturers Association and others},
  journal={Los Angeles, CA: Author},
  year={1996}
}
@misc{jang-dataset,
    title = {Query by Singing/Humming - Jang Dataset},
    author = {Roger Jang},
    year = {2016},
    howpublished = {\url{http://nema.lis.illinois.edu/nema_out/mirex2016/results/qbsh/qbsh_task1_jang/index.html}},
    note = {Accessed: 06/11/2016}
}
@misc{IOACAS-dataset,
    title = {Query by Singing/Humming - Ioacas Dataset},
    author = {Institute of Acoustics, Chinese Academy of Sciences},
    year = {2016},
    howpublished = {\url{http://nema.lis.illinois.edu/nema_out/mirex2016/results/qbsh/qbsh_task1_ioacas/}},
    note = {Accessed: 06/11/2016}
}
@misc{esac-dataset,
    title = {EsAC Data Format and Folksong Database},
    author = {Polish Academy of Sciences},
    year = {2016},
    howpublished = {\url{http://www.esac-data.org/}},
    note = {Accessed: 06/11/2016}
}
@article{park2015query,
  title={Query by humming based on multiple spectral hashing and scaled open-end dynamic time warping},
  author={Park, Cheong Hee},
  journal={Signal Processing},
  volume={108},
  pages={220--225},
  year={2015},
  publisher={Elsevier}
}
%%% related-works %%%
%% Pitch Vector Extraction %%
@article{jang2011audio,
  title={Audio signal processing and recognition},
  author={Jang, Jyh-Shing Roger},
  journal={Roger Jang’s Homepage},
  url = {http://mirlab.org/jang/},
  year={2011}
}
%% LSH %%
% Intro
@article{slaney2008locality,
  title={Locality-sensitive hashing for finding nearest neighbors [lecture notes]},
  author={Slaney, Malcolm and Casey, Michael},
  journal={IEEE Signal Processing Magazine},
  volume={25},
  number={2},
  pages={128--131},
  year={2008},
  publisher={IEEE}
}
% QbSH papers
@inproceedings{ryynanen2008query,
  title={Query by humming of midi and audio using locality sensitive hashing},
  author={Ryynanen, Matti and Klapuri, Anssi},
  booktitle={2008 IEEE International Conference on Acoustics, Speech and Signal Processing},
  pages={2249--2252},
  year={2008},
  organization={IEEE}
}
@inproceedings{wang2012query,
  title={Query by humming by using locality sensitive hashing based on combination of pitch and note},
  author={Wang, Qiang and Guo, Zhiyuan and Liu, Gang and Guo, Jun and Lu, Yueming},
  booktitle={Multimedia and Expo Workshops (ICMEW), 2012 IEEE International Conference on},
  pages={302--307},
  year={2012},
  organization={IEEE}
}
@article{guo2013query,
  title={A query by humming system based on locality sensitive hashing indexes},
  author={Guo, Zhiyuan and Wang, Qiang and Liu, Gang and Guo, Jun},
  journal={Signal Processing},
  volume={93},
  number={8},
  pages={2229--2243},
  year={2013},
  publisher={Elsevier}
}
@inproceedings{guo2012query,
  title={Query by humming via hierarchical filters},
  author={Guo, Zhiyuan and Wang, Qiang and Yin, Liang and Liu, Gang and Guo, Jun},
  booktitle={Pattern Recognition (ICPR), 2012 21st International Conference on},
  pages={3021--3024},
  year={2012},
  organization={IEEE}
}
@article{li2013mirex,
  title={MIREX 2013 QBSH Task: Netease’s Solution},
  author={Li, Peng and Nie, Yuan and Li, Xiaoyan},
  journal={Extended abstract for MIREX},
  year={2013}
}
@inproceedings{weiss2009spectral,
  title={Spectral hashing},
  author={Weiss, Yair and Torralba, Antonio and Fergus, Rob},
  booktitle={Advances in neural information processing systems},
  year={2014}
}
@misc{weiss2009spectral-blog,
    title = {[summarization] "Spectral Hashing," Yair Weiss, Antonio Torralba, Rob Fergus},
    author = {Daniel Hsieh},
    year = {2014},
    howpublished = {\url{http://pengru-xie-blog.logdown.com/posts/197017}},
    note = {Accessed: 08/11/2016}
}
%% LS %%
@inproceedings{jang2005continuous,
  title={Continuous HMM and Its Enhancement for Singing/Humming Query Retrieval.},
  author={Jang, Jyh-Shing Roger and Hsu, Chao-Ling and Lee, Hong-Ru},
  booktitle={ISMIR},
  pages={546--551},
  year={2005},
  organization={Citeseer}
}
%% RA %%
@inproceedings{wu2006top,
  title={A top-down approach to melody match in pitch contour for query by humming},
  author={Wu, Xiao and Li, Ming and Liu, Jian and Yang, Jun and Yan, Yonghong},
  booktitle={Proceedings of 5th international symposium on Chinese spoken language processing, Singapore},
  year={2006}
}

@inproceedings{Zhu:2003:WIE:872757.872780,
 author = {Zhu, Yunyue and Shasha, Dennis},
 title = {Warping Indexes with Envelope Transforms for Query by Humming},
 booktitle = {Proceedings of the 2003 ACM SIGMOD International Conference on Management of Data},
 series = {SIGMOD '03},
 year = {2003},
 isbn = {1-58113-634-X},
 location = {San Diego, California},
 pages = {181--192},
 numpages = {12},
 url = {http://doi.acm.org/10.1145/872757.872780},
 doi = {10.1145/872757.872780},
 acmid = {872780},
 publisher = {ACM},
 address = {New York, NY, USA},
}

@inproceedings{Ghias:1995:QHM:217279.215273,
 author = {Ghias, Asif and Logan, Jonathan and Chamberlin, David and Smith, Brian C.},
 title = {Query by Humming: Musical Information Retrieval in an Audio Database},
 booktitle = {Proceedings of the Third ACM International Conference on Multimedia},
 series = {MULTIMEDIA '95},
 year = {1995},
 isbn = {0-89791-751-0},
 location = {San Francisco, California, USA},
 pages = {231--236},
 numpages = {6},
 url = {http://doi.acm.org/10.1145/217279.215273},
 doi = {10.1145/217279.215273},
 acmid = {215273},
 publisher = {ACM},
 address = {New York, NY, USA},
 keywords = {multimedia databases, musical information retrieval, pitch tracking},
}

@inproceedings{Uitdenbogerd:1998:MMM:290747.290776,
 author = {Uitdenbogerd, Alexandra L. and Zobel, Justin},
 title = {Manipulation of Music for Melody Matching},
 booktitle = {Proceedings of the Sixth ACM International Conference on Multimedia},
 series = {MULTIMEDIA '98},
 year = {1998},
 isbn = {0-201-30990-4},
 location = {Bristol, United Kingdom},
 pages = {235--240},
 numpages = {6},
 url = {http://doi.acm.org/10.1145/290747.290776},
 doi = {10.1145/290747.290776},
 acmid = {290776},
 publisher = {ACM},
 address = {New York, NY, USA},
}

@inproceedings{Jang:2001:HFM:500141.500201,
 author = {Jang, Jyh-Shing Roger and Lee, Hong-Ru},
 title = {Hierarchical Filtering Method for Content-based Music Retrieval via Acoustic Input},
 booktitle = {Proceedings of the Ninth ACM International Conference on Multimedia},
 series = {MULTIMEDIA '01},
 year = {2001},
 isbn = {1-58113-394-4},
 location = {Ottawa, Canada},
 pages = {401--410},
 numpages = {10},
 url = {http://doi.acm.org/10.1145/500141.500201},
 doi = {10.1145/500141.500201},
 acmid = {500201},
 publisher = {ACM},
 address = {New York, NY, USA},
 keywords = {audio indexing and retrieval, audio signal processing, content-based music retrieval, dynamic programming, dynamic time warping, nearest neighbor search, pattern recognition, query by singing},
}

@inproceedings{mazzoni2001melody,
  title={Melody matching directly from audio},
  author={Mazzoni, Dominic and Dannenberg, Roger B},
  booktitle={2nd Annual International Symposium on Music Information Retrieval},
  pages={17--18},
  year={2001}
}

@inproceedings{goldin1995similarity,
  title={On similarity queries for time-series data: constraint specification and implementation},
  author={Goldin, Dina Q and Kanellakis, Paris C},
  booktitle={International Conference on Principles and Practice of Constraint Programming},
  pages={137--153},
  year={1995},
  organization={Springer}
}

@article{hou2014mirex2014,
  title={MIREX2014: Query by Humming/Singing System},
  author={Hou, Yinxin and Wu, Minhui and Xie, Dadong and Liu, Hailong},
  journal={Music Information Retrieval Evaluation eXchange. MIREX},
  year={2014}
}
%%% Tools %%%
@inproceedings{wang2012accelerating,
  title={Accelerating query by singing/humming on GPU: Optimization for web deployment},
  author={Wang, Chung-Che and Chen, Chieh-Hsing and Kuo, Chin-Yang and Chiu, Li-Ting and Jang, Jyh-Shing Roger},
  booktitle={2012 IEEE International Conference on Acoustics, Speech and Signal Processing (ICASSP)},
  pages={477--480},
  year={2012},
  organization={IEEE}
}
@inproceedings{wang2012improving,
  title={Improving query by singing/humming systems over GPUs},
  author={Wang, Chung-Che and Chen, Chieh-Hsing and Kuo, Chin-Yang and Jang, Jyh-Shing Roger},
  booktitle={2012 41st International Conference on Parallel Processing Workshops},
  pages={561--567},
  year={2012},
  organization={IEEE}
}
@article{xiao2014gpu,
  title={GPU Acceleration of Melody Accurate Matching in Query-by-Humming},
  author={Xiao, Limin and Zheng, Yao and Tang, Wenqi and Yao, Guangchao and Ruan, Li},
  journal={The Scientific World Journal},
  volume={2014},
  year={2014},
  publisher={Hindawi Publishing Corporation}
}
@article{fingerapproach2008,
  title={Challenging Uncertainty in Query by Humming Systems: A Fingerprinting Approach},
  author={Erdem Unal.Elaine Chew,Panayiotis G. Georgiou,Shrikanth S. Narayanan},
  journal={IEEE TRANSACTIONS ON AUDIO, SPEECH, AND LANGUAGE PROCESSING},
  volume={16},
  year={2008},
  publisher={IEEE}
}
%% HMM %%
% Intro %
@article{rabiner1986introduction,
  title={An introduction to hidden Markov models},
  author={Rabiner, Lawrence and Juang, B},
  journal={ieee assp magazine},
  volume={3},
  number={1},
  pages={4--16},
  year={1986},
  publisher={IEEE}
}
@article{fosler1998markov,
  title={Markov models and hidden Markov Models: a brief tutorial},
  author={Fosler-Lussier, Eric},
  journal={International Computer Science Institute},
  year={1998}
}
@misc{wikiHMM,
  title = {Hidden Markov model},
  howpublished = {\url{https://en.wikipedia.org/wiki/Hidden_Markov_model}},
  note = {Accessed: 08/11/2016},
  year = {2016},
  author = {Wikipedia}
}
% QbSH %
@article{pardo2004name,
  title={Name that tune: A pilot study in finding a melody from a sung query},
  author={Pardo, Bryan and Shifrin, Jonah and Birmingham, William},
  journal={Journal of the American Society for Information Science and Technology},
  volume={55},
  number={4},
  pages={283--300},
  year={2004},
  publisher={Wiley Online Library}
}

% Python
@misc{python,
  title = {Python Programming Language},
  howpublished = {\url{https://www.python.org/}},
  note = {Accessed: 16/01/2017},
  year = {2017},
  author = {Python Software Foundation}
}

% Numpy
@misc{numpy,
  title = {NumPy Library},
  howpublished = {\url{http://www.numpy.org/}},
  note = {Accessed: 16/01/2017},
  year = {2017},
  author = {NumPy developers}
}

% Scipy
@misc{scipy,
  title = {SciPy Library},
  howpublished = {\url{https://www.scipy.org/scipylib/index.html}},
  note = {Accessed: 16/01/2017},
  year = {2017},
  author = {SciPy developers}
}

% Matplotlib
@misc{matplotlib,
  title = {matplotlib},
  howpublished = {\url{http://matplotlib.org/}},
  note = {Accessed: 16/01/2017},
  year = {2017},
  author = {The matplotlib development team}
}

% FastDTW (python)
@misc{fastdtwpython,
  title = {matplotlib},
  howpublished = {\url{https://github.com/slaypni/fastdtw}},
  note = {Accessed: 16/01/2017},
  year = {2017},
  author = {Kazuaki Tanida}
}

% TinyDB (python)
@misc{tinydb,
  title = {TinyDB},
  howpublished = {\url{https://github.com/msiemens/tinydb}},
  note = {Accessed: 19/01/2017},
  year = {2017},
  author = {The TinyDB developers}
}

% Aubio
@misc{aubio,
  title = {aubio},
  howpublished = {\url{https://aubio.org/}},
  note = {Accessed: 16/01/2017},
  year = {2017},
  author = {The aubio team}
}

% music21
@misc{music21,
  title = {music21},
  howpublished = {\url{http://web.mit.edu/music21/}},
  note = {Accessed: 16/01/2017},
  year = {2017},
  author = {Research lab for Michael Scott Cuthbert}
}

% FastDTW (paper)
@article{salvador2007toward,
  title={Toward accurate dynamic time warping in linear time and space},
  author={Salvador, Stan and Chan, Philip},
  journal={Intelligent Data Analysis},
  volume={11},
  number={5},
  pages={561--580},
  year={2007},
  publisher={IOS Press}
}

% Stasiak - Follow that tune
@article{stasiak2014follow,
  title={Follow That Tune-Adaptive Approach to DTW-based Query-by-Humming System},
  author={Stasiak, Bart{\l}omiej},
  journal={Archives of Acoustics},
  volume={39},
  number={4},
  pages={467--476},
  year={2014}
}

% Yin pitch tracker
@article{de2002yin,
  title={YIN, a fundamental frequency estimator for speech and music},
  author={De Cheveign{\'e}, Alain and Kawahara, Hideki},
  journal={The Journal of the Acoustical Society of America},
  volume={111},
  number={4},
  pages={1917--1930},
  year={2002},
  publisher={Acoustical Society of America}
}

% Machine learning approach
@misc{mldef,
    title = {Μηχανική μάθηση},
    howpublished = {\url{https://el.wikipedia.org/wiki/Μηχανική_μάθηση}},
	note = {Accessed: 18/01/2017},
	year = {2017},
	author = {Wikipedia}
}

@misc{cepstral,
    title = {Project: Pitch Detection},
    howpublished = {\url{http://note.sonots.com/SciSoftware/Pitch.html}},
	note = {Accessed: 18/01/2017},
	year = {2016},
	author = {Naotoshi Seo}
}

@misc{matlab,
	title = {Mathworks - MATLAB},
	howpublished = {\url{https://www.mathworks.com/products/matlab.html}},
	note = {Accessed: 02/12/16}
}