@misc{mirex,
    key = {Music Information Retrieval Evaluation eXchange},
    title = {Music Information Retrieval Evaluation eXchange},
    year = {2016},
    howpublished = {\url{http://www.music-ir.org/mirex/wiki/MIREX_HOME}},
    note = {Accessed: 06/11/2016}
}
@article{midi1996complete,
  title={The complete MIDI 1.0 detailed specification},
  author={MIDI Manufacturers Association and others},
  journal={Los Angeles, CA: Author},
  year={1996}
}
@misc{jang-dataset,
    title = {Query by Singing/Humming - Jang Dataset},
    author = {Roger Jang},
    year = {2016},
    howpublished = {\url{http://nema.lis.illinois.edu/nema_out/mirex2016/results/qbsh/qbsh_task1_jang/index.html}},
    note = {Accessed: 06/11/2016}
}
@misc{IOACAS-dataset,
    title = {Query by Singing/Humming - Ioacas Dataset},
    author = {Institute of Acoustics, Chinese Academy of Sciences},
    year = {2016},
    howpublished = {\url{http://nema.lis.illinois.edu/nema_out/mirex2016/results/qbsh/qbsh_task1_ioacas/}},
    note = {Accessed: 06/11/2016}
}
@article{park2015query,
  title={Query by humming based on multiple spectral hashing and scaled open-end dynamic time warping},
  author={Park, Cheong Hee},
  journal={Signal Processing},
  volume={108},
  pages={220--225},
  year={2015},
  publisher={Elsevier}
}
%% LSH %%
% Intro
@article{slaney2008locality,
  title={Locality-sensitive hashing for finding nearest neighbors [lecture notes]},
  author={Slaney, Malcolm and Casey, Michael},
  journal={IEEE Signal Processing Magazine},
  volume={25},
  number={2},
  pages={128--131},
  year={2008},
  publisher={IEEE}
}
% QbSH papers
@inproceedings{ryynanen2008query,
  title={Query by humming of midi and audio using locality sensitive hashing},
  author={Ryynanen, Matti and Klapuri, Anssi},
  booktitle={2008 IEEE International Conference on Acoustics, Speech and Signal Processing},
  pages={2249--2252},
  year={2008},
  organization={IEEE}
}
@inproceedings{wang2012query,
  title={Query by humming by using locality sensitive hashing based on combination of pitch and note},
  author={Wang, Qiang and Guo, Zhiyuan and Liu, Gang and Guo, Jun and Lu, Yueming},
  booktitle={Multimedia and Expo Workshops (ICMEW), 2012 IEEE International Conference on},
  pages={302--307},
  year={2012},
  organization={IEEE}
}
@article{guo2013query,
  title={A query by humming system based on locality sensitive hashing indexes},
  author={Guo, Zhiyuan and Wang, Qiang and Liu, Gang and Guo, Jun},
  journal={Signal Processing},
  volume={93},
  number={8},
  pages={2229--2243},
  year={2013},
  publisher={Elsevier}
}
@inproceedings{guo2012query,
  title={Query by humming via hierarchical filters},
  author={Guo, Zhiyuan and Wang, Qiang and Yin, Liang and Liu, Gang and Guo, Jun},
  booktitle={Pattern Recognition (ICPR), 2012 21st International Conference on},
  pages={3021--3024},
  year={2012},
  organization={IEEE}
}
@inproceedings{weiss2009spectral,
  title={Spectral hashing},
  author={Weiss, Yair and Torralba, Antonio and Fergus, Rob},
  booktitle={Advances in neural information processing systems},
  year={2014}
}
@misc{weiss2009spectral-blog,
    title = {[summarization] "Spectral Hashing," Yair Weiss, Antonio Torralba, Rob Fergus},
    author = {Daniel Hsieh},
    year = {2014},
    howpublished = {\url{http://pengru-xie-blog.logdown.com/posts/197017-summarization-spectral-hashing-yair-weiss-antonio-torralba-rob-fergus}},
    note = {Accessed: 08/11/2016}
}
